@book{khalil1996noninear,
    title={Noninear systems},
    author={Khalil, Hassan K.},
    publisher={Prentice-Hall, New Jersey},
    year={1996}
}

@article{kokotovic1986vanishing,
    title={On vanishing stability regions in nonlinear systems with high-gain feedback},
    author={Kokotovic, P and Marino, R},
    journal={IEEE Transactions on Automatic Control},
    volume={31},
    number={10},
    pages={967--970},
    year={1986},
    publisher={IEEE}
}

@book{adams2003sobolev,
    title={Sobolev spaces},
    author={Adams, Robert A and Fournier, John JF},
    volume={140},
    year={2003},
    publisher={Academic press}
}

@article{bullinger2005adaptive,
    title={Adaptive $\lambda$-tracking for nonlinear higher relative degree systems},
    author={Bullinger, Eric and Allg{\"o}wer, Frank},
    journal={Automatica},
    volume={41},
    number={7},
    pages={1191--1200},
    year={2005},
    publisher={Elsevier}
}

@article{Theodorakopoulos2016,
    author = {Theodorakopoulos, Achilles and Rovithakis, George A.},
    journal = {IEEE Transactions on Automatic Control},
    number = {7},
    pages = {1946--1952},
    title = {{Low-Complexity Prescribed Performance Control of Uncertain MIMO Feedback Linearizable Systems}},
    volume = {61},
    year = {2016}
}


@article{Berger2018,
    author = {Berger, Thomas and L{\^{e}}, Huy Ho{\`{a}}ng and Reis, Timo},
    journal = {Automatica},
    keywords = {Adaptive control,Funnel control,Model-free control,Nonlinear systems,Relative degree},
    pages = {345--357},
    publisher = {Elsevier Ltd},
    title = {Funnel control for nonlinear systems with known strict relative degree},
    volume = {87},
    year = {2018}
}

@article{Liberzon2013,
    author = {Liberzon, Daniel and Trenn, Stephan},
    journal = {IEEE Transactions on Automatic Control},
    number = {12},
    pages = {3126--3141},
    title = {The bang-bang funnel controller for uncertain nonlinear systems with arbitrary relative degree},
    volume = {58},
    year = {2013}
}

@article{Hackl2013,
    author = {Hackl, Christoph M. and Hopfe, Norman and Ilchmann, Achim and Mueller, Markus and Trenn, Stephan},
    journal = {SIAM Journal on Control and Optimization},
    number = {2},
    pages = {965--995},
    title = {Funnel Control for Systems with Relative Degree Two},
    volume = {51},
    year = {2013}
}

@article{ilchmann2002tracking,
    title={Tracking with prescribed transient behaviour},
    author={Ilchmann, Achim and Ryan, Eugene P. and Sangwin, Christopher J.},
    journal={ESAIM: Control, Optimisation and Calculus of Variations},
    volume={7},
    pages={471--493},
    year={2002},
    publisher={EDP Sciences}
}

@phdthesis{Hackl2012,
    author = {Hackl, Christoph M.},
    school = {Technische Universit{\"a}t M{\"u}nchen},
    title = {{Contributions to high-gain adaptive control in mechatronics}},
    year = {2012}
}


@article{berger2016funnelobserver,
    title={The funnel observer},
    author={Berger, Thomas and Reis, Timo},
    journal={Universit{\"a}t Hamburg, Hamburger Beitr{\"a}ge zur Angewandten Mathematik},
    volume={3},
    pages={2016},
    year={2016}
}

@article{berger2016funnelprecompensator,
    title={Funnel control via funnel pre-compensator for minimum phase systems with relative degree two},
    author={Berger, Thomas and Reis, Timo},
    journal={IEEE Trans. Autom. Control, Cond. accepted},
    year={2016}
}

@book{sontag1998,
    author = {Sontag, Eduardo D.},
    booktitle = {Mathematical Control Theory},
    edition = {2nd},
    isbn = {9780387984896},
    mendeley-groups = {surface-tac},
    pages = {1--544},
    publisher = {Springer Berlin Heidelberg},
    title = {{Mathematical Control Theory}},
    volume = {6},
    year = {1998}
}

@article{bechlioulis2009adaptive,
    title={Adaptive control with guaranteed transient and steady state tracking error bounds for strict feedback systems},
    author={Bechlioulis, Charalampos P. and Rovithakis, George A.},
    journal={Automatica},
    volume={45},
    number={2},
    pages={532--538},
    year={2009},
    publisher={Elsevier}
}

@book{isidori2013nonlinear,
    title={Nonlinear control systems},
    author={Isidori, Alberto},
    year={2013},
    publisher={Springer Science \& Business Media}
}

@inproceedings{khalil2008high,
    title={High-gain observers in nonlinear feedback control},
    author={Khalil, Hassan K.},
    booktitle={Control, Automation and Systems, 2008. ICCAS 2008. International Conference on},
    pages={xlvii--lvii},
    year={2008},
    organization={IEEE}
}

@misc{Khalil2013,
    author = {Khalil, Hassan K. and Praly, Laurent},
    booktitle = {International Journal of Robust and Nonlinear Control},
    title = {{High-gain observers in nonlinear feedback control}},
    year = {2014}
}

@article{jiang1994small,
    title={Small-gain theorem for ISS systems and applications},
    author={Jiang, Zhong-Ping and Teel, Andrew R. and Praly, Laurent},
    journal={Mathematics of Control, Signals and Systems},
    volume={7},
    number={2},
    pages={95--120},
    year={1994},
    publisher={Springer}
}

@article{sontag1996new,
    title={New characterizations of input-to-state stability},
    author={Sontag, Eduardo D. and Wang, Yuan},
    journal={IEEE Transactions on Automatic Control},
    volume={41},
    number={9},
    pages={1283--1294},
    year={1996},
    publisher={IEEE}
}

@article{byrnes1991asymptotic,
    title={Asymptotic stabilization of minimum phase nonlinear systems},
    author={Byrnes, Christopher I. and Isidori, Alberto},
    journal={IEEE Transactions on Automatic Control},
    volume={36},
    number={10},
    pages={1122--1137},
    year={1991},
    publisher={IEEE}
}

@article{bechlioulis2014low,
    title={A low-complexity global approximation-free control scheme with prescribed performance for unknown pure feedback systems},
    author={Bechlioulis, Charalampos P. and Rovithakis, George A.},
    journal={Automatica},
    volume={50},
    number={4},
    pages={1217--1226},
    year={2014},
    publisher={Elsevier}
}

@article{atassi2001separation,
    title={A separation principle for the control of a class of nonlinear systems},
    author={Atassi, Ahmad N. and Khalil, Hassan K.},
    journal={IEEE Transactions on Automatic Control},
    volume={46},
    number={5},
    pages={742--746},
    year={2001},
    publisher={IEEE}
}

@article{ilchmann2007tracking,
    title={Tracking with prescribed transient behavior for nonlinear systems of known relative degree},
    author={Ilchmann, Achim and Ryan, Eugene P. and Townsend, Philip},
    journal={SIAM Journal on Control and Optimization},
    volume={46},
    number={1},
    pages={210--230},
    year={2007},
    publisher={SIAM}
}

@inproceedings{chowdhury2017funnel,
    title={Funnel control of higher relative degree systems},
    author={Chowdhury, Dhrubajit and Khalil, Hassan K.},
    booktitle={American Control Conference (ACC), 2017},
    pages={598--603},
    year={2017},
    organization={IEEE}
}

@article{atassi1999separation,
    title={A separation principle for the stabilization of a class of nonlinear systems},
    author={Atassi, Ahmad N. and Khalil, Hassan K.},
    journal={IEEE Transactions on Automatic Control},
    volume={44},
    number={9},
    pages={1672--1687},
    year={1999},
    publisher={IEEE}
}

@article{bechlioulis2011robust,
    title={Robust partial-state feedback prescribed performance control of cascade systems with unknown nonlinearities},
    author={Bechlioulis, Charalampos P. and Rovithakis, George A.},
    journal={IEEE Transactions on Automatic Control},
    volume={56},
    number={9},
    pages={2224--2230},
    year={2011},
    publisher={IEEE}
}

@article{bechlioulis2010prescribed,
    title={Prescribed performance adaptive control for multi-input multi-output affine in the control nonlinear systems},
    author={Bechlioulis, Charalampos P. and Rovithakis, George A.},
    journal={IEEE Transactions on Automatic Control},
    volume={55},
    number={5},
    pages={1220--1226},
    year={2010},
    publisher={IEEE}
}

@inproceedings{bechlioulis2013output,
    title={Output feedback stabilization with prescribed performance for uncertain nonlinear systems in canonical form},
    author={Bechlioulis, Charalampos P. and Theodorakopoulos, Achilles and Rovithakis, George A.},
    booktitle={Decision and Control (CDC), 2013 IEEE 52nd Annual Conference on},
    pages={5084--5089},
    year={2013},
    organization={IEEE}
}

@article{bechlioulis2008robust,
    title={Robust adaptive control of feedback linearizable MIMO nonlinear systems with prescribed performance},
    author={Bechlioulis, Charalampos P. and Rovithakis, George A.},
    journal={IEEE Transactions on Automatic Control},
    volume={53},
    number={9},
    pages={2090--2099},
    year={2008},
    publisher={IEEE}
}

@article{Esfandiari1992,
    author = {Esfandiari, Farzad and Khalil, Hassan K.},
    journal = {International Journal of Control},
    number = {5},
    pages = {1007--1037},
    title = {{Output feedback stabilization of fully linearizable systems}},
    volume = {56},
    year = {1992}
}

@article{doyle1979robustness,
    title={Robustness with observers},
    author={Doyle, John and Stein, Guter},
    journal={IEEE Transactions on Automatic Control},
    volume={24},
    number={4},
    pages={607--611},
    year={1979},
    publisher={IEEE}
}

@article{saberi1990observer,
    title={Observer design for loop transfer recovery and for uncertain dynamical systems},
    author={Saberi, Ali and Sannuti, Peddapullaiah},
    journal={IEEE Transactions on Automatic Control},
    volume={35},
    number={8},
    pages={878--897},
    year={1990},
    publisher={IEEE}
}

@inproceedings{esfandiari1987observer,
    title={Observer-based design of uncertain systems: recovering state feedback robustness under matching conditions},
    author={Esfandiari, F and Khalil, Hassan K},
    booktitle={Proc. Allerton Conf},
    pages={97--106},
    year={1987}
}

@article{teel1994global,
    title={Global stabilizability and observability imply semi-global stabilizability by output feedback},
    author={Teel, Andrew and Praly, Laurent},
    journal={Systems \& Control Letters},
    volume={22},
    number={5},
    pages={313--325},
    year={1994},
    publisher={Elsevier}
}

@article{teel1995tools,
    title={Tools for semiglobal stabilization by partial state and output feedback},
    author={Teel, Andrew and Praly, Laurent},
    journal={SIAM Journal on Control and Optimization},
    volume={33},
    number={5},
    pages={1443--1488},
    year={1995},
    publisher={SIAM}
}

@article{kostarigka2009approximate,
    title={Approximate adaptive output feedback stabilization via passivation of MIMO uncertain systems using neural networks},
    author={Kostarigka, Artemis K and Rovithakis, George A},
    journal={IEEE Transactions on Systems, Man, and Cybernetics, Part B (Cybernetics)},
    volume={39},
    number={5},
    pages={1180--1191},
    year={2009},
    publisher={IEEE}
}

@article{kostarigka2012adaptive,
    title={Adaptive dynamic output feedback neural network control of uncertain MIMO nonlinear systems with prescribed performance},
    author={Kostarigka, Artemis K and Rovithakis, George A},
    journal={IEEE Transactions on Neural Networks and Learning Systems},
    volume={23},
    number={1},
    pages={138--149},
    year={2012},
    publisher={IEEE}
}


@article{ilchmann2008high,
    title={High-gain control without identification: a survey},
    author={Ilchmann, Achim and Ryan, Eugene P},
    journal={GAMM-Mitteilungen},
    volume={31},
    number={1},
    pages={115--125},
    year={2008},
    publisher={Wiley Online Library}
}